@book{CLRS09,
	author = {Cormen, Thomas H. and Leiserson, Charles E. and Rivest, Ronald L. and Stein, Clifford},
	title = {Introduction to Algorithms, Third Edition},
	year = {2009},
	isbn = {0262033844, 9780262033848},
	edition = {3rd},
	publisher = {The MIT Press},
}

@article{Tarjan1975b,

	author = {Tarjan, Robert Endre},

	title = {Efficiency of a Good But Not Linear Set Union Algorithm},

	journal = {J. ACM},

	issue_date = {April 1975},

	volume = {22},

	number = {2},

	month = apr,

	year = {1975},

	issn = {0004-5411},

	pages = {215--225},

	numpages = {11},

	url = {http://doi.acm.org.eaccess.ub.tum.de/10.1145/321879.321884},

	doi = {10.1145/321879.321884},

	acmid = {321884},

	publisher = {ACM},

	address = {New York, NY, USA},

} 

@article{Alstrup14,

	author = {Alstrup, Stephen and Thorup, Mikkel and G{\o}rtz, Inge Li and Rauhe, Theis and Zwick, Uri},

	title = {Union-Find with Constant Time Deletions},

	journal = {ACM Trans. Algorithms},

	issue_date = {October 2014},

	volume = {11},

	number = {1},

	month = aug,

	year = {2014},

	issn = {1549-6325},

	pages = {6:1--6:28},

	articleno = {6},

	numpages = {28},

	url = {http://doi.acm.org.eaccess.ub.tum.de/10.1145/2636922},

	doi = {10.1145/2636922},

	acmid = {2636922},

	publisher = {ACM},

	address = {New York, NY, USA},

	keywords = {Union-find, disjoint sets},

} 

@book{Mendelson09,

	author = {Mendelson, Elliott},

	title = {Introduction to Mathematical Logic},

	year = {2009},

	isbn = {1584888768, 9781584888765},

	edition = {5th},

	publisher = {Chapman \& Hall/CRC},

} 


@article{Ackermann22,

	added-at = {2009-03-20T11:10:57.000+0100},

	annote = {Construction of the Original Ackermann Function. Proof that its not primitive recursive. },

	author = {Ackermann, W.},

	biburl = {https://www.bibsonomy.org/bibtex/2274f931743f7d39f6d461454b2a44528/bo198214},

	interhash = {6427214a8296578876a5a7f58f3c65af},

	intrahash = {274f931743f7d39f6d461454b2a44528},

	jfmnumber = {54.0056.06},

	journal = {Math. Ann. },

	keywords = {imported},

	pages = {118--133},

	timestamp = {2009-03-20T11:10:58.000+0100},

	title = {Zum {H}ilbertschen {A}ufbau der reellen {Z}ahlen},

	volume = 99
}

@article{chargueraud19,

	TITLE = {{Verifying the Correctness and Amortized Complexity of a Union-Find Implementation in Separation Logic with Time Credits}},

	AUTHOR = {Chargu{\'e}raud, Arthur and Pottier, Fran{\c c}ois},

	URL = {https://hal.inria.fr/hal-01652785},

	JOURNAL = {{Journal of Automated Reasoning}},

	PUBLISHER = {{Springer Verlag}},

	YEAR = {2017},

	MONTH = Sep,

	DOI = {10.1007/s10817-017-9431-7},

	PDF = {https://hal.inria.fr/hal-01652785/file/credits_jar.pdf},

	HAL_ID = {hal-01652785},

	HAL_VERSION = {v1},

}


@Misc{dadsalpha,

	author = {Paul E. Black},

	title = {"inverse Ackermann function"},

	howpublished = {in \emph{Dictionary of Algorithms and Data Structures} [online], Paul E. Black, ed.},

	month = {17 December}, 
	year = {2004},

	note =  {Available from:  https://www.nist.gov/dads/HTML/inverseAckermann.html (accessed 26 August 2019)}
}

@phdthesis{navasch09,
	author = {Gabriel Nivasch},
	title = {Weak Epsilon-Nets, Davenportâ€“SchinzelSequences, and Related Problems},
	school = {Tel-Aviv University},
	year = {2009},
	month = {June}
}